
@article{wilson_best_2014,
	title = {Best {Practices} for {Scientific} {Computing}},
	volume = {12},
	url = {http://dx.doi.org/10.1371/journal.pbio.1001745},
	doi = {10.1371/journal.pbio.1001745},
	abstract = {We describe a set of best practices for scientific software development, based on research and experience, that will improve scientists' productivity and the reliability of their software.},
	number = {1},
	urldate = {2014-09-08},
	journal = {PLoS Biol},
	author = {Wilson, Greg and Aruliah, D. A. and Brown, C. Titus and Chue Hong, Neil P. and Davis, Matt and Guy, Richard T. and Haddock, Steven H. D. and Huff, Kathryn D. and Mitchell, Ian M. and Plumbley, Mark D. and Waugh, Ben and White, Ethan P. and Wilson, Paul},
	month = jan,
	year = {2014},
	keywords = {Computer Science - Mathematical Software, Computer Science - Mathematical Software, Computer Science - Software Engineering, Computer Science - Software Engineering, recommendation, science, software},
	pages = {e1001745},
	file = {1210.0530 PDF:/Users/khuff/Library/Application Support/Zotero/Profiles/lvoutoj9.default/zotero/storage/6BWMN925/Wilson et al. - 2012 - Best Practices for Scientific Computing.pdf:application/pdf;1210.0530 PDF:/Users/khuff/Library/Application Support/Zotero/Profiles/lvoutoj9.default/zotero/storage/RUGPQ89Z/Wilson et al. - 2012 - Best Practices for Scientific Computing.pdf:application/pdf;arXiv.org Snapshot:/Users/khuff/Library/Application Support/Zotero/Profiles/lvoutoj9.default/zotero/storage/GEAQU4PR/Wilson et al. - 2012 - Best Practices for Scientific Computing.html:text/html;arXiv.org Snapshot:/Users/khuff/Library/Application Support/Zotero/Profiles/lvoutoj9.default/zotero/storage/TNJ5VZBD/Wilson et al. - 2012 - Best Practices for Scientific Computing.html:text/html;PLoS Full Text PDF:/Users/khuff/Library/Application Support/Zotero/Profiles/lvoutoj9.default/zotero/storage/DRSWE54I/Wilson et al. - 2014 - Best Practices for Scientific Computing.pdf:application/pdf;PLoS Full Text PDF:/Users/khuff/Library/Application Support/Zotero/Profiles/lvoutoj9.default/zotero/storage/T7PS6IGX/Wilson et al. - 2014 - Best Practices for Scientific Computing.pdf:application/pdf;PLoS Full Text PDF:/Users/khuff/Library/Application Support/Zotero/Profiles/lvoutoj9.default/zotero/storage/JG3XZ3EN/Wilson et al. - 2014 - Best Practices for Scientific Computing.pdf:application/pdf;PLoS Full Text PDF:/Users/khuff/Library/Application Support/Zotero/Profiles/lvoutoj9.default/zotero/storage/NZPICHHU/Wilson et al. - 2014 - Best Practices for Scientific Computing.pdf:application/pdf;PLoS Snapshot:/Users/khuff/Library/Application Support/Zotero/Profiles/lvoutoj9.default/zotero/storage/FXDIXXQ2/Wilson et al. - 2014 - Best Practices for Scientific Computing.html:text/html;PLoS Snapshot:/Users/khuff/Library/Application Support/Zotero/Profiles/lvoutoj9.default/zotero/storage/JWG3964F/infodoi10.1371journal.pbio.html:text/html;PLoS Snapshot:/Users/khuff/Library/Application Support/Zotero/Profiles/lvoutoj9.default/zotero/storage/A9HDSJBB/Wilson et al. - 2014 - Best Practices for Scientific Computing.html:text/html;PLoS Snapshot:/Users/khuff/Library/Application Support/Zotero/Profiles/lvoutoj9.default/zotero/storage/GVVR84ZK/infodoi10.1371journal.pbio.html:text/html}
}

@article{huff_fundamental_2016,
	title = {Fundamental concepts in the {Cyclus} nuclear fuel cycle simulation framework},
	volume = {94},
	issn = {0965-9978},
	url = {http://www.sciencedirect.com/science/article/pii/S0965997816300229},
	doi = {10.1016/j.advengsoft.2016.01.014},
	abstract = {As nuclear power expands, technical, economic, political, and environmental analyses of nuclear fuel cycles by simulators increase in importance. To date, however, current tools are often fleet-based rather than discrete and restrictively licensed rather than open source. Each of these choices presents a challenge to modeling fidelity, generality, efficiency, robustness, and scientific transparency. The Cyclus nuclear fuel cycle simulator framework and its modeling ecosystem incorporate modern insights from simulation science and software architecture to solve these problems so that challenges in nuclear fuel cycle analysis can be better addressed. A summary of the Cyclus fuel cycle simulator framework and its modeling ecosystem are presented. Additionally, the implementation of each is discussed in the context of motivating challenges in nuclear fuel cycle simulation. Finally, the current capabilities of Cyclus are demonstrated for both open and closed fuel cycles.},
	urldate = {2016-02-12},
	journal = {Advances in Engineering Software},
	author = {Huff, Kathryn D. and Gidden, Matthew J. and Carlsen, Robert W. and Flanagan, Robert R. and McGarry, Meghan B. and Opotowsky, Arrielle C. and Schneider, Erich A. and Scopatz, Anthony M. and Wilson, Paul P. H.},
	month = apr,
	year = {2016},
	keywords = {agent based modeling, agent based modeling, and Science, Computer Science - Computational Engineering, Computer Science - Computational Engineering, Finance, and Science, Computer Science - Mathematical Software, Computer Science - Mathematical Software, Computer Science - Multiagent Systems, Computer Science - Multiagent Systems, Computer Science - Software Engineering, Computer Science - Software Engineering, D.2.4, D.2.4, D.2.13, D.2.13, Finance, I.6.7, I.6.7, I.6.8, I.6.8, Nuclear Engineering, Nuclear Engineering, Nuclear fuel cycle, Nuclear Fuel Cycle, Object orientation, Object orientation, Simulation, Simulation, Systems analysis, Systems Analysis},
	pages = {46--59},
	file = {arXiv\:1509.03604 PDF:/Users/khuff/Library/Application Support/Zotero/Profiles/lvoutoj9.default/zotero/storage/4FI3T63Q/Huff et al. - 2015 - Fundamental Concepts in the Cyclus Fuel Cycle Simu.pdf:application/pdf;arXiv\:1509.03604 PDF:/Users/khuff/Library/Application Support/Zotero/Profiles/lvoutoj9.default/zotero/storage/F9KVM9DZ/Huff et al. - 2015 - Fundamental Concepts in the Cyclus Fuel Cycle Simu.pdf:application/pdf;arXiv.org Snapshot:/Users/khuff/Library/Application Support/Zotero/Profiles/lvoutoj9.default/zotero/storage/WQVTXAN2/1509.html:text/html;arXiv.org Snapshot:/Users/khuff/Library/Application Support/Zotero/Profiles/lvoutoj9.default/zotero/storage/HXSDS7VW/1509.html:text/html;fundamentals.pdf:/Users/khuff/Library/Application Support/Zotero/Profiles/lvoutoj9.default/zotero/storage/BRJECDWC/fundamentals.pdf:application/pdf;fundamentals.pdf:/Users/khuff/Library/Application Support/Zotero/Profiles/lvoutoj9.default/zotero/storage/C6G4NQJH/fundamentals.pdf:application/pdf;ScienceDirect Full Text PDF:/Users/khuff/Library/Application Support/Zotero/Profiles/lvoutoj9.default/zotero/storage/E7DK64AA/Huff et al. - 2016 - Fundamental concepts in the Cyclus nuclear fuel cy.pdf:application/pdf;ScienceDirect Snapshot:/Users/khuff/Library/Application Support/Zotero/Profiles/lvoutoj9.default/zotero/storage/63CHUQ54/login.html:text/html;ScienceDirect Snapshot:/Users/khuff/Library/Application Support/Zotero/Profiles/lvoutoj9.default/zotero/storage/EVBNKXMA/S0965997816300229.html:text/html;ScienceDirect Snapshot:/Users/khuff/Library/Application Support/Zotero/Profiles/lvoutoj9.default/zotero/storage/JCCZAZB3/S0965997816300229.html:text/html}
}

@incollection{huff_case_2017,
	address = {University of California, Berkeley},
	edition = {1},
	title = {Case {Study}: {Cyclus} {Project}},
	volume = {1},
	booktitle = {The {Practice} of {Reproducible} {Research}},
	publisher = {University of California Press},
	author = {Huff, Kathryn},
	editor = {Kitzes, Justin and Imamoglu, Fatma and Turek, Daniel},
	year = {2017}
}

@incollection{huff_lessons_2017,
	address = {University of California, Berkeley},
	edition = {1},
	title = {Lessons {Learned}},
	volume = {1},
	booktitle = {The {Practice} of {Reproducible} {Research}},
	publisher = {University of California Press},
	author = {Huff, Kathryn},
	editor = {Kitzes, Justin and Imamoglu, Fatma and Turek, Daniel},
	year = {2017}
}